@article{Kanchan,
  author          = {Kanchan},
  journal         = {},
  number          = {},
  title           = {Lightweight Privacy Preserving Authentication and Encryption Scheme for V2X},
  volume          = {},
  year            = {2022}
}

@article{perea,
  author          = {Patrick P. Tsang and Man Ho Au Apu and Kapadia Sean W. Smith},
  journal         = {},
  number          = {},
  title           = {PEREA: Towards Practical TTP-Free Revocation in Anonymous Authentication},
  volume          = {},
  year            = {2009}
}

@article{Li,
  author          = {J. Li and N. Li and R. Xue},
  journal         = {},
  number          = {},
  title           = {Universal accumulators with efficient nonmembership proofs},
  volume          = {},
  year            = {2007}
}

@article{Camenisch,
  author          = {J. Camenisch and M. Stadler.},
  journal         = {CRYPTO},
  number          = {},
  title           = {Efficient group signature schemes for large groups},
  volume          = {1294},
  year            = {1997}
}

@article{CL,
  author          = {J. Camenisch and A. Lysyanskaya.},
  journal         = {SCN},
  number          = {},
  title           = { A Signature Scheme with Efficient Protocols. },
  volume          = {2576},
  year            = {2002}
}